@article{cadambe2008interference,
  title={Interference alignment and degrees of freedom of the $ K $-user interference channel},
  author={Cadambe, Viveck R and Jafar, Syed Ali},
  journal={IEEE Transactions on Information Theory},
  volume={54},
  number={8},
  pages={3425--3441},
  year={2008},
  publisher={IEEE}
}

@article{gomadam2011distributed,
  title={A distributed numerical approach to interference alignment and applications to wireless interference networks},
  author={Gomadam, Krishna and Cadambe, Viveck R and Jafar, Syed A},
  journal={IEEE Transactions on Information Theory},
  volume={57},
  number={6},
  pages={3309--3322},
  year={2011},
  publisher={IEEE}
}

@article{geraci2017operating,
  title={Operating Massive MIMO in Unlicensed Bands for Enhanced Coexistence and Spatial Reuse},
  author={Geraci, Giovanni and Garcia-Rodriguez, Adrian and L{\'o}pez-P{\'e}rez, David and Bonfante, Andrea and Giordano, Lorenzo Galati and Claussen, Holger},
  journal={IEEE Journal on Selected Areas in Communications},
  year={2017},
  publisher={IEEE}
}
